<record><leader>00000cas a2200000 a 4500</leader><controlfield tag="001">13733648</controlfield><controlfield tag="008">860616d19861990nyuwr ne      0   a0eng c</controlfield><datafield ind1=" " ind2=" " tag="010"><subfield code="a">sn 86077178 </subfield></datafield><datafield ind1=" " ind2=" " tag="040"><subfield code="a">NPA</subfield><subfield code="b">eng</subfield><subfield code="c">NPA</subfield><subfield code="d">HUL</subfield><subfield code="d">NJW</subfield><subfield code="d">NST</subfield><subfield code="d">HUL</subfield><subfield code="d">NSD</subfield><subfield code="d">NST</subfield><subfield code="d">HUL</subfield><subfield code="d">DLC</subfield><subfield code="d">NST</subfield><subfield code="d">NYG</subfield><subfield code="d">KNP</subfield><subfield code="d">MGN</subfield><subfield code="d">CNK</subfield><subfield code="d">NSD</subfield><subfield code="d">EYM</subfield><subfield code="d">CNK</subfield><subfield code="d">NVF</subfield><subfield code="d">CVF</subfield><subfield code="d">NYS</subfield><subfield code="d">OCLCQ</subfield><subfield code="d">OCLCF</subfield><subfield code="d">OCLCO</subfield></datafield><datafield ind1=" " ind2=" " tag="012"><subfield code="j">0</subfield><subfield code="m">X</subfield></datafield><datafield ind1="1" ind2=" " tag="022"><subfield code="a">1052-2743</subfield><subfield code="l">1052-2743</subfield><subfield code="2">1</subfield></datafield><datafield ind1="1" ind2=" " tag="029"><subfield code="a">AU@</subfield><subfield code="b">000004694488</subfield></datafield><datafield ind1=" " ind2=" " tag="032"><subfield code="a">146920</subfield><subfield code="b">USPS</subfield></datafield><datafield ind1=" " ind2=" " tag="037"><subfield code="b">People's Daily World, 239 W. 23rd St., New York, NY  10011</subfield></datafield><datafield ind1="0" ind2=" " tag="041"><subfield code="a">engspa</subfield></datafield><datafield ind1=" " ind2=" " tag="042"><subfield code="a">pcc</subfield><subfield code="a">nsdp</subfield></datafield><datafield ind1=" " ind2=" " tag="043"><subfield code="a">n-us---</subfield></datafield><datafield ind1="0" ind2=" " tag="130"><subfield code="a">People's daily world (New York, N.Y. : 1986)</subfield></datafield><datafield ind1=" " ind2="0" tag="222"><subfield code="a">People's daily world</subfield><subfield code="b">(National ed.)</subfield></datafield><datafield ind1="0" ind2="0" tag="245"><subfield code="a">People's daily world.</subfield></datafield><datafield ind1=" " ind2=" " tag="250"><subfield code="a">[National ed.]</subfield></datafield><datafield ind1=" " ind2=" " tag="260"><subfield code="a">New York, N.Y. :</subfield><subfield code="b">Long View Pub. Co.,</subfield><subfield code="c">1986-1990.</subfield></datafield><datafield ind1=" " ind2=" " tag="300"><subfield code="a">v.</subfield></datafield><datafield ind1=" " ind2=" " tag="310"><subfield code="a">Weekly,</subfield><subfield code="b">June 9-Sept. 29, 1990</subfield></datafield><datafield ind1=" " ind2=" " tag="321"><subfield code="a">Daily (except Sunday, Monday and holidays),</subfield><subfield code="b">1986-June 8, 1990</subfield></datafield><datafield ind1="0" ind2=" " tag="362"><subfield code="a">Vol. 1, no. 1 (June 3, 1986)-v. 5, no. 11 (Sept. 29, 1990).</subfield></datafield><datafield ind1=" " ind2=" " tag="515"><subfield code="a">A "Special preview issue - national ed." was published on May 1, 1986.</subfield></datafield><datafield ind1=" " ind2=" " tag="546"><subfield code="a">Some issues contain a section in Spanish called: Nuestro mundo.</subfield></datafield><datafield ind1=" " ind2="0" tag="650"><subfield code="a">Labor</subfield><subfield code="z">United States</subfield><subfield code="v">Newspapers.</subfield></datafield><datafield ind1=" " ind2="0" tag="650"><subfield code="a">Communism</subfield><subfield code="z">United States</subfield><subfield code="v">Newspapers.</subfield></datafield><datafield ind1=" " ind2="0" tag="651"><subfield code="a">New York (N.Y.)</subfield><subfield code="v">Newspapers.</subfield></datafield><datafield ind1=" " ind2="0" tag="651"><subfield code="a">New York County (N.Y.)</subfield><subfield code="v">Newspapers.</subfield></datafield><datafield ind1=" " ind2="7" tag="655"><subfield code="a">Newspapers.</subfield><subfield code="2">fast</subfield><subfield code="0">(OCoLC)fst01423814</subfield></datafield><datafield ind1=" " ind2="7" tag="650"><subfield code="a">Communism.</subfield><subfield code="2">fast</subfield><subfield code="0">(OCoLC)fst00870421</subfield></datafield><datafield ind1=" " ind2="7" tag="650"><subfield code="a">Labor.</subfield><subfield code="2">fast</subfield><subfield code="0">(OCoLC)fst00989798</subfield></datafield><datafield ind1=" " ind2="7" tag="651"><subfield code="a">New York (State)</subfield><subfield code="z">New York.</subfield><subfield code="2">fast</subfield><subfield code="0">(OCoLC)fst01204333</subfield></datafield><datafield ind1=" " ind2="7" tag="651"><subfield code="a">New York (State)</subfield><subfield code="z">New York County.</subfield><subfield code="2">fast</subfield><subfield code="0">(OCoLC)fst01234953</subfield></datafield><datafield ind1=" " ind2="7" tag="651"><subfield code="a">United States.</subfield><subfield code="2">fast</subfield><subfield code="0">(OCoLC)fst01204155</subfield></datafield><datafield ind1="0" ind2=" " tag="730"><subfield code="a">Nuestro mundo.</subfield></datafield><datafield ind1=" " ind2=" " tag="752"><subfield code="a">United States</subfield><subfield code="b">New York</subfield><subfield code="c">New York</subfield><subfield code="d">New York.</subfield></datafield><datafield ind1="0" ind2=" " tag="775"><subfield code="t">People's daily world (California ed.)</subfield><subfield code="w">(DLC)sn 96061879</subfield><subfield code="w">(OCoLC)13980587</subfield></datafield><datafield ind1="0" ind2="4" tag="780"><subfield code="t">Daily world (New York, N.Y.)</subfield><subfield code="w">(DLC)sn 86058012</subfield><subfield code="w">(OCoLC)1565804</subfield></datafield><datafield ind1="0" ind2="4" tag="780"><subfield code="t">People's world</subfield><subfield code="w">(DLC)sn 82016135</subfield><subfield code="w">(OCoLC)9168021</subfield></datafield><datafield ind1="0" ind2="0" tag="785"><subfield code="t">People's weekly world</subfield><subfield code="x">1076-0091</subfield><subfield code="w">(DLC)sn 91025588</subfield><subfield code="w">(OCoLC)22541405</subfield></datafield><datafield ind1=" " ind2=" " tag="850"><subfield code="a">CU</subfield><subfield code="a">CaAEU</subfield><subfield code="a">IEN</subfield><subfield code="a">MH</subfield><subfield code="a">MiEM</subfield><subfield code="a">MiU</subfield><subfield code="a">NN</subfield></datafield></record>